@book{satanic_verses,
  author    = {Simon Rushdie}, 
  title     = {The Satanic Verses},
  publisher = {Viking Press},
  year      = 1988,
  isbn      = {0-670-82537-9}
}

@article{SPPinDCN,
  author    = {Kaiming He and Xiangyu Zhang and Shaoqing Ren and Jian Sun}, 
  title     = {Spatial Pyramid Pooling in Deep Convolutional Networks for Visual Recognition},
  journal   = {IEEE Transactions on Pattern Analysis and Machine Intelligence},
  year      = 2013,
  month     = 9,
  volume    = {37}
}

@techreport{BBoF,
  author    = {Svetlana Lazebnik and Cordelia Schmid
 and Jean Ponce}, 
  title     = {Beyond Bags of Features: Spatial Pyramid Matching for Recognizing Natural Scene Categories},
  institution   = {IEEE Computer Society Conference on Computer Vision and Pattern Recognition},
  year      = 2006
}

@techreport{R-CNN,
  author    = {Ross Girshick and Jeff Donahue and Trevor Darrell and Jitendra Malik}, 
  title     = {Rich feature hierarchies for accurate object detection and semantic segmentation},
  institution   = {UC Berkeley},
  year      = 2013
}


@techreport{IMGNET,
  author    = {Alex Krizhevsky and Ilya Sutskever and Geoffrey E. Hinton}, 
  title     = {ImageNet Classification with Deep Convolutional Neural Networks},
  institution   = {Proc. Adv. Neural Inf. Process. Syst.},
  year      = 2012
}